<collection xmlns="http://www.loc.gov/MARC21/slim"><record><leader>00764nam  2200217   450</leader><controlfield tag="001">29</controlfield><controlfield tag="003">http://montalegre.opacnet.com/OPAC/default.aspx?ContentAreaControl=ShowRegHoldings.ascx&amp;RegNo=16662</controlfield><datafield tag="100" ind1=" " ind2=" "><subfield code="a">20061013d198     m  y0pory0103    ba</subfield></datafield><datafield tag="101" ind1="1" ind2=" "><subfield code="a">por</subfield><subfield code="c">fre</subfield></datafield><datafield tag="102" ind1=" " ind2=" "><subfield code="a">PT</subfield></datafield><datafield tag="106" ind1=" " ind2=" "><subfield code="a">r</subfield></datafield><datafield tag="200" ind1="1" ind2=" "><subfield code="a">&lt;Um &gt;é o outro</subfield><subfield code="f">Elisabeth Badinter</subfield><subfield code="g">trad. Miguel Serras Pereira e Ana Luísa Faria</subfield></datafield><datafield tag="210" ind1=" " ind2=" "><subfield code="a">Lisboa</subfield><subfield code="c">Relógio d'Água</subfield><subfield code="d">[198-]</subfield></datafield><datafield tag="215" ind1=" " ind2=" "><subfield code="a">348, [3] p.</subfield><subfield code="d">21 cm</subfield></datafield><datafield tag="304" ind1=" " ind2=" "><subfield code="a">Tít. orig.: L'un est l'autre</subfield></datafield><datafield tag="675" ind1=" " ind2=" "><subfield code="a">821</subfield><subfield code="v">RPC</subfield><subfield code="z">por</subfield></datafield><datafield tag="700" ind1=" " ind2="1"><subfield code="a">Badinter</subfield><subfield code="b">Elizabeth</subfield><subfield code="f">1944</subfield><subfield code="3">98113</subfield></datafield><datafield tag="702" ind1=" " ind2="1"><subfield code="a">Pereira</subfield><subfield code="b">Miguel Serras</subfield><subfield code="f">1949-</subfield><subfield code="3">28318</subfield><subfield code="4">730</subfield></datafield><datafield tag="702" ind1=" " ind2="1"><subfield code="a">Faria</subfield><subfield code="b">Ana Luísa</subfield><subfield code="4">730</subfield><subfield code="3">25879</subfield></datafield><datafield tag="801" ind1=" " ind2="0"><subfield code="a">PT</subfield><subfield code="b">Biblioteca Municipal de Montalegre</subfield><subfield code="g">RPC</subfield></datafield><datafield tag="856" ind1=" " ind2=" "><subfield code="u">locateMedia.asp?cod=20060504145320&amp;ext=jpg</subfield><subfield code="z">CAPA</subfield></datafield><datafield tag="909" ind1="&#9;" ind2=" "><subfield code="a">1</subfield></datafield><datafield tag="966" ind1=" " ind2=" "><subfield code="a">0008280</subfield><subfield code="l">BMM</subfield><subfield code="s">SCG 821 BAD out</subfield></datafield></record></collection>